
 @online{hadoop,
  author = {Apache},
  title = {Hadoop},
  year = {2016},
  url = {http://hadoop.apache.org/}
}

@article{qu2020experimental,
      title={An Experimental Study on Microservices based Edge Computing Platforms}, 
      author={Qian Qu and Ronghua Xu and Seyed Yahya Nikouei and Yu Chen},
      year=2020,
      eprint={2004.02372},
      archivePrefix={arXiv},
      primaryClass={cs.DC}
}

@article{DBLP,
  author    = {Qian Qu and
               Ronghua Xu and
               Seyed Yahya Nikouei and
               Yu Chen},
  title     = {An Experimental Study on Microservices based Edge Computing Platforms},
  journal   = {CoRR},
  volume    = {abs/2004.02372},
  year      = {2020},
  url       = {https://arxiv.org/abs/2004.02372},
  archivePrefix = {arXiv},
  eprint    = {2004.02372},
  timestamp = {Wed, 08 Apr 2020 17:08:25 +0200},
  biburl    = {https://dblp.org/rec/journals/corr/abs-2004-02372.bib},
  bibsource = {dblp computer science bibliography, https://dblp.org}
}
