
@misc{matathonMesos,
  author = {{Contributors to Matathon}},
  title  = {{Marathon: A container orchestration platform for Mesos and DC/OS}},
  year   = {2019},
  month  = {Sep},
  note   = {[Online; accessed 23. Oct. 2021]},
  url    = {https://mesosphere.github.io/marathon}
}

@misc{conductor,
  author = {{Contributors to Conductor}},
  title  = {{Studio Conductor Documentation {$\vert$} Conductor Documentation}},
  year   = {2021},
  month  = {Jun},
  note   = {[Online; accessed 23. Oct. 2021]},
  url    = {https://conductor.windriver.com/docs/21.05}
}

@misc{WhatisQu51:online,
  author       = {redhat},
  title        = {What is Quarkus?},
  howpublished = {\url{https://www.redhat.com/en/topics/cloud-native-apps/what-is-quarkus}},
  note         = {(Accessed on 09/16/2021)}
}

@misc{ApacheSpark,
  author = {{Contributors to ApacheSpark project}},
  title  = {{Apache Spark{\texttrademark} - Unified Analytics Engine for Big Data}},
  year   = {2021},
  month  = {Jun},
  note   = {[Online; accessed 17. Sep. 2021]},
  url    = {https://spark.apache.org}
}

@misc{BigDataWikipedia,
  author = {{Contributors to Wikimedia projects}},
  title  = {{Big data - Wikipedia}},
  year   = {2021},
  month  = {Sep},
  note   = {[Online; accessed 17. Sep. 2021]},
  url    = {https://en.wikipedia.org/w/index.php?title=Big_data&oldid=1044540173}
}

@misc{LINPACKBenchmarksWikipedia,
  author = {{Contributors to Wikimedia projects}},
  title  = {{LINPACK benchmarks - Wikipedia}},
  year   = {2021},
  month  = {Aug},
  note   = {[Online; accessed 17. Sep. 2021]},
  url    = {https://en.wikipedia.org/w/index.php?title=LINPACK_benchmarks&oldid=1040164880}
}

@misc{BonnieWikipedia,
  author = {{Contributors to Wikimedia projects}},
  title  = {{Bonnie++ - Wikipedia}},
  year   = {2019},
  month  = {May},
  note   = {[Online; accessed 17. Sep. 2021]},
  url    = {https://en.wikipedia.org/w/index.php?title=Bonnie%2B%2B&oldid=896359007}
}

 @misc{hadoop,
  author = {Apache},
  title  = {Hadoop},
  year   = {2016},
  url    = {http://hadoop.apache.org/}
}

@misc{ibmmicroservicios,
  author       = {IBM Cloud Learn Hub},
  title        = {What are Microservices?},
  howpublished = {Disponible en \url{https://www.ibm.com/cloud/learn/microservices} (2022/04)}
}

@misc{ibmistio,
  author       = {IBM Cloud Learn Hub},
  title        = {What is Istio?},
  howpublished = {Disponible en \url{https://www.ibm.com/cloud/learn/istio} (2022/04)}
}


@misc{dockerSwarm,
  author  = {{Contributors to Docker}},
  title   = {{Swarm mode overview}},
  journal = {Docker Documentation},
  year    = {2021},
  month   = {Oct},
  note    = {[Online; accessed 23. Oct. 2021]},
  url     = {https://docs.docker.com/engine/swarm}
}

@misc{dockerCompose,
  author  = {{Contributors to Docker}},
  title   = {{Overview of Docker Compose}},
  journal = {Docker Documentation},
  year    = {2021},
  month   = {Oct},
  note    = {[Online; accessed 23. Oct. 2021]},
  url     = {https://docs.docker.com/compose}
}


@misc{BibEntry2022Apr,
  author  = {{Contributors to Apache}},
  title   = {{Apache Kafka}},
  journal = {Apache Kafka},
  year    = {2022},
  month   = apr,
  note    = {[Online; accessed 24. Apr. 2022]},
  url     = {https://kafka.apache.org}
}

@misc{Mauersberger2022Apr,
  author = {Mauersberger, Laura},
  title  = {{Benefits of Using Microservices With Big Data Applications}},
  year   = {2022},
  month  = apr,
  note   = {[Online; accessed 24. Apr. 2022]},
  url    = {https://www.leanix.net/en/blog/benefits-of-using-microservices-with-big-data-applications}
}

@misc{RESTWikimedia2022Jan,
  author = {{Colaboradores de los proyectos Wikimedia}},
  title  = {{Transferencia de Estado Representacional - Wikipedia, la enciclopedia libre}},
  year   = {2022},
  month  = jan,
  note   = {[Online; accessed 24. Apr. 2022]},
  url    = {https://es.wikipedia.org/w/index.php?title=Transferencia_de_Estado_Representacional&oldid=140748018}
}


@misc{helidon,
  title = {{Helidon Project}},
  year  = {2022},
  month = may,
  note  = {[Online; accessed 2. May 2022]},
  url   = {https://helidon.io}
}



@misc{micronaut,
  title   = {{Home - Micronaut Framework}},
  journal = {Micronaut Framework},
  year    = {2021},
  month   = aug,
  note    = {[Online; accessed 2. May 2022]},
  url     = {https://micronaut.io}
}


@misc{quarkus,
  title = {{Quarkus - Supersonic Subatomic Java}},
  year  = {2022},
  month = may,
  note  = {[Online; accessed 2. May 2022]},
  url   = {https://quarkus.io}
}

@misc{springboot,
  title = {{Spring Boot}},
  year  = {2022},
  month = may,
  note  = {[Online; accessed 2. May 2022]},
  url   = {https://spring.io/projects/spring-boot}
}

@misc{springmicroservice,
  title = {{Spring can help you write microservices that are small and self-contained and has many tools to help you look after your microservices once they{'}re in the hands of your users.}},
  year  = {2022},
  month = may,
  note  = {[Online; accessed 2. May 2022]},
  url   = {https://spring.io/microservices}
}

